@InProceedings{sockpuppet,
	author = 	{{Solorio, Thamar and Hasan, Ragib and Mizan, Mainul}},
	title = 	{{A Case Study of Sockpuppet Detection in Wikipedia}},
	booktitle = 	{{Proceedings of the Workshop on Language Analysis in Social Media}},
	year = 	{{2013}},
	publisher = 	{{Association for Computational Linguistics}},
	pages = 	{{59--68}},
	location = 	{{Atlanta, Georgia}},
	url = 	{{http://aclweb.org/anthology/W13-1107}}
}

@InProceedings{word2vec,
	author = 	{{Hitschler, Julian
	and van den Berg, Esther
	and Rehbein, Ines}},
	title = 	{{Authorship Attribution with Convolutional Neural Networks and POS-Eliding}},
	booktitle = 	{{Proceedings of the Workshop on Stylistic Variation}},
	year = 	{{2017}},
	publisher = 	{{Association for Computational Linguistics}},
	pages = 	{{53--58}},
	location = 	{{Copenhagen, Denmark}},
	doi = 	{{10.18653/v1/W17-4907}},
	url = 	{{http://aclweb.org/anthology/W17-4907}}
}

@InProceedings{n-gram-aa,
	author = 	{{Sari, Yunita
	and Vlachos, Andreas
	and Stevenson, Mark}},
	title = 	{{Continuous N-gram Representations for Authorship Attribution}},
	booktitle = 	{{Proceedings of the 15th Conference of the European Chapter of the Association for Computational Linguistics: Volume 2, Short Papers}},
	year = 	{{2017}},
	publisher = 	{{Association for Computational Linguistics}},
	pages = 	{{267--273}},
	location = 	{{Valencia, Spain}},
	url = 	{{http://aclweb.org/anthology/E17-2043}}
}

@InProceedings{n-gram-vec-nli,
	author = 	{{Vajjala, Sowmya
	and Banerjee, Sagnik}},
	title = 	{{A study of N-gram and Embedding Representations for Native Language Identification}},
	booktitle = 	{{Proceedings of the 12th Workshop on Innovative Use of NLP for Building Educational Applications}},
	year = 	{{2017}},
	publisher = 	{{Association for Computational Linguistics}},
	pages = 	{{240--248}},
	location = 	{{Copenhagen, Denmark}},
	doi = 	{{10.18653/v1/W17-5026}},
	url = 	{{http://aclweb.org/anthology/W17-5026}}
}

@InProceedings{scalability,
	author = 	{{Kapo{\v{c}}i{\={u}}t{\.{e}}-Dzikien{\.{e}}, Jurgita
	and {\v{S}}arkut{\.{e}}, Ligita
	and Utka, Andrius}},
	title = 	{{The Effect of Author Set Size in Authorship Attribution for Lithuanian}},
	booktitle = 	{{Proceedings of the 20th Nordic Conference of Computational Linguistics      (NODALIDA 2015)     }},
	year = 	{{2015}},
	publisher = 	{{Link{\"o}ping University Electronic Press, Sweden}},
	pages = 	{{87--96}},
	location = 	{{Vilnius, Lithuania}},
	url = 	{{http://aclweb.org/anthology/W15-1813}}
}

@InProceedings{micromessage,
	author = 	{{Schwartz, Roy
	and Tsur, Oren
	and Rappoport, Ari
	and Koppel, Moshe}},
	title = 	{{Authorship Attribution of Micro-Messages}},
	booktitle = 	{{Proceedings of the 2013 Conference on Empirical Methods in Natural Language Processing}},
	year = 	{{2013}},
	publisher = 	{{Association for Computational Linguistics}},
	pages = 	{{1880--1891}},
	location = 	{{Seattle, Washington, USA}},
	url = 	{{http://aclweb.org/anthology/D13-1193}}
}